@article{kraning2014dynamic,
  title={Dynamic Network Energy Management via Proximal Message Passing},
  author={M. Kraning and E. Chu and J. Lavaei and S. Boyd},
  journal={Foundations and Trends in Optimization},
  volume={1},
  number={2},
  pages={73--126},
  year={2014}
}
